<?xml version="1.0" encoding="UTF-8"?><record xmlns="http://www.loc.gov/MARC21/slim" xmlns:cinclude="http://apache.org/cocoon/include/1.0" xmlns:zs="http://www.loc.gov/zing/srw/">
  <leader>00483nz  a2200145n  4500</leader>
  <controlfield tag="001">no2015009183</controlfield>
  <controlfield tag="003">DLC</controlfield>
  <controlfield tag="005">20150123073513.0</controlfield>
  <controlfield tag="008">150122n| azannaabn          |n aaa     c</controlfield>
  <datafield tag="010" ind1=" " ind2=" ">
    <subfield code="a">no2015009183</subfield>
  </datafield>
  <datafield tag="035" ind1=" " ind2=" ">
    <subfield code="a">(OCoLC)oca10066917</subfield>
  </datafield>
  <datafield tag="040" ind1=" " ind2=" ">
    <subfield code="a">MiFliG</subfield>
    <subfield code="b">eng</subfield>
    <subfield code="e">rda</subfield>
    <subfield code="c">MiFliG</subfield>
  </datafield>
  <datafield tag="100" ind1="1" ind2=" ">
    <subfield code="a">Lake, Leo</subfield>
  </datafield>
  <datafield tag="373" ind1=" " ind2=" ">
    <subfield code="a">Yamaha International Corporation</subfield>
  </datafield>
  <datafield tag="670" ind1=" " ind2=" ">
    <subfield code="a">Lake, Leo. Technical aspects of the transition from motorcycles to snowmobiles, 1971:</subfield>
    <subfield code="b">cover (Leo Lake, Yamaha International Corporation)</subfield>
  </datafield>
</record>